@book{patran:03,
  author = {MSC Software Corporation},
  title = {Finite Element Modeling},
  series = "{MSC.PATRAN} Reference Manual",
  volume = 3,
  publisher = {MSC.Software},
  address = {Los Angeles, CA},
  year = {2003}
}

@article{par:93,
  author = {V. N. Parthasarathy et al.},
  title = {A comparison of tetrahedron quality measures},
  journal = {Finite Elem. Anal. Des.},
  volume = 15,
  year = 1993,
  pages = {255--261}
}

@article{knu:00,
  author = {P. Knupp},
  title = {Achieving Finite Element Mesh Quality via Optimization of the
      {J}acobian Matrix Norm and Associated Quantities},
  journal = {Intl. J. Numer. Meth. Engng.},
  year = 2000,
  volume = 48,
  pages = {1165--1185}
}

@article{knu:03,
  author = {P. Knupp},
  title = {Algebraic Mesh Quality Metrics for Unstructured Initial Meshes},
  journal = {Finite Elements in Analysis and Design},
  volume = 39,
  pages = {217--241},
  year = 2003
}

@book{ideas:xx,
  author = {SDRC},
  title = {{SDRC/IDEAS} Simulation: Finite Element Modeling -- User's Guide},
  publisher = {SDRC}
}

@article{rob:87,
  author = {J. Robinson},
  title = {{CRE} Method of element testing and the {J}acobian shape parameters},
  journal = {Eng. Comput.},
  volume = 4,
  year = 1987
}

@article{odd:88,
  author = {A. Oddy and J. Goldak and M. McDill and M. Bibby},
  title = {A distortion metric for isoparametric finite elements},
  journal = {Trans. CSME},
  volume = {38-CSME-32},
  note = {Accession No. 2161},
  year = 1988
}

@book{fimesh:xx,
  author = {{F}luent, {I}nc.},
  title = {Fluent {FIMESH} User's Manual},
  publisher = {{F}luent, {I}nc.}
}

@Book{frey:00,
  author = {P.J.~Frey and P.-L. George},
  title = {Mesh Generation},
  year = 2000,
  publisher = {Hermes Science Publishing},
  address = {Oxford \&  Paris}
}

@Article{pebay:04,
  author = {P. P. P\'ebay},
  title = {Planar Quadrangle Quality Measures},
  journal = {Engineering with Computers},
  year = 2004,
  volume = 20,
  number = 2,
  pages = {157-173},
  url = {http://dx.doi.org/10.1007/s00366-004-0280-8},
  note = "Invited"
}

@Article{pebay:03,
  author = {P. P. P\'ebay and T. J. Baker},
  title = {Analysis of triangle quality measures},
  journal = {AMS Mathematics of Computation},
  year = 2003,
  volume = 72,
  number = 244,
  pages = {1817-1839},
  url = {http://dx.doi.org/10.1090/S0025-5718-03-01485-6},
  note = {}
}

@TechReport{tf:89,
  author = {L. M. Taylor and D. P. Flanagan},
  title = {{Pronto3D} - A Three Dimensional Transient Solid Dynamics Program},
  number = {SAND87-1912},
  institution = {Sandia National Laboratories},
  year = 1989
}

@Article{bl:90,
  author = {R. P. Bhatia and K. L. Lawrence},
  title = {Two-dimensional finite element mesh generation based on stripwise automatic triangulation},
  journal = {Computers and Structures},
  volume = {36},
  pages = {309--316},
  year = 1990
}

@Article{bx:96,
  author = {R. E. Bank and J. Xu},
  title = {An algorithm for coarsening unstructured meshes},
  journal = {Numerische Mathematik},
  volume = {73},
  pages = {1--36},
  year = 1996
}
